<?xml version="1.0" encoding="UTF-8"?><collection xmlns="http://www.loc.gov/MARC21/slim"><record><leader>00581nam--2200193-i-4500</leader><controlfield tag="001">000031221</controlfield><controlfield tag="002">20161230</controlfield><controlfield tag="005">20161230201038</controlfield><controlfield tag="008">060222s1000------------r-----000-0-eng-d</controlfield><datafield ind1=" " ind2=" " tag="040"><subfield code="a">IFIN-HH</subfield></datafield><datafield ind1=" " ind2=" " tag="080"><subfield code="a">539.1.074.3</subfield></datafield><datafield ind1="1" ind2=" " tag="100"><subfield code="a">Schram, E</subfield></datafield><datafield ind1="1" ind2="0" tag="245"><subfield code="a">Organic scintillation detectors</subfield><subfield code="b">Counting of low-energy beta emitters</subfield><subfield code="c">E. schram, r. lombaert</subfield></datafield><datafield ind1=" " ind2=" " tag="260"><subfield code="a">Amsterdam</subfield><subfield code="b">Elsevier Publishing Company</subfield><subfield code="c">1963</subfield></datafield><datafield ind1=" " ind2=" " tag="300"><subfield code="a">X+212P</subfield></datafield><datafield ind1=" " ind2=" " tag="490"><subfield code="a">Elsevier Monographs. Physics Section</subfield></datafield><datafield ind1="1" ind2=" " tag="700"><subfield code="a">Lombaert, R</subfield></datafield><datafield ind1=" " ind2=" " tag="852"><subfield code="a">18452</subfield><subfield code="c">539.1.07:539.1.08</subfield></datafield><datafield ind1=" " ind2=" " tag="CAT"><subfield code="a">Sys</subfield><subfield code="c">20111018</subfield><subfield code="h">140916</subfield></datafield></record></collection>